{1:F01KREDBEBBXXXX0000000000}{2:O9401753150710KREDBEBBAXXX00000000001507101753N}{4:
:20:15191C012138
:25:BE23737043722791EUR
:28C:00007/00001
:60F:C150709EUR357,35
:61:1507090710CR20,NTRFKREF//090715NDNB000750
SCTBBEONTVA
:86:/KREF/                                   /ORDP//ID/COVERING BALAN
CE JULY              /NAME/INPAY AS
                                /ACC/NL24ABNA0585119260
      /REMI/COVERING BALANCE JULY
                      /
:62F:C150710EUR377,35
:64:C150710EUR377,35
-}
